<?xml version="1.0" encoding="UTF-8"?><record xmlns="http://www.loc.gov/MARC21/slim" xmlns:cinclude="http://apache.org/cocoon/include/1.0" xmlns:zs="http://www.loc.gov/zing/srw/">
  <leader>00495cz  a2200145n  4500</leader>
  <controlfield tag="001">n  82025513 </controlfield>
  <controlfield tag="003">DLC</controlfield>
  <controlfield tag="005">20090114075541.0</controlfield>
  <controlfield tag="008">820226nc acannaabn          |a ana      </controlfield>
  <datafield tag="010" ind1=" " ind2=" ">
    <subfield code="a">n  82025513 </subfield>
  </datafield>
  <datafield tag="035" ind1=" " ind2=" ">
    <subfield code="a">(OCoLC)oca00722688</subfield>
  </datafield>
  <datafield tag="040" ind1=" " ind2=" ">
    <subfield code="a">DLC</subfield>
    <subfield code="b">eng</subfield>
    <subfield code="c">DLC</subfield>
    <subfield code="d">OCoLC</subfield>
  </datafield>
  <datafield tag="110" ind1="1" ind2=" ">
    <subfield code="a">China.</subfield>
    <subfield code="b">Nong lin bu.</subfield>
    <subfield code="b">Lin ye zu</subfield>
  </datafield>
  <datafield tag="410" ind1="1" ind2=" ">
    <subfield code="w">nnea</subfield>
    <subfield code="a">China.</subfield>
    <subfield code="b">Nung lin pu.</subfield>
    <subfield code="b">Lin yeh tsu</subfield>
  </datafield>
  <datafield tag="670" ind1=" " ind2=" ">
    <subfield code="a">Chʻüan kuo lin yeh kung tso hui i. Chʻüan kuo lin yeh ... between 1972 and 1981 (a.e.)</subfield>
    <subfield code="b">t.p. (Nung lin pu lin yeh tsu)</subfield>
  </datafield>
</record>